@article{Dietzel2010-secure-aggregation,
	Author = {Dietzel, Stefan and Schoch, Elmar and K\"{o}nings, Bastian and Weber, Michael and Kargl, Frank},
	Date-Modified = {2011-01-04 15:11:34 +0100},
	Doi = {10.1109/MNET.2010.5395780},
	File = {:Users/stefan/Documents/uni/papers/library/Dietzel et al. - 2010 - Resilient Secure Aggregation for Vehicular Networks.pdf:pdf},
	Journal = {IEEE Network},
	Number = {1},
	Pages = {26--31},
	Title = {{Resilient Secure Aggregation for Vehicular Networks}},
	Url = {http://dx.doi.org/10.1109/MNET.2010.5395780},
	Volume = {24},
	Year = {2010},
	Bdsk-Url-1 = {http://dx.doi.org/10.1109/MNET.2010.5395780}
}